@article{test,
  title  = {test},
  author = {test},
  year   = {2007}
}